@misc{quantumbook,
  title = {{Berkeley Quantum Computing}},
  howpublished = "\url{https://courses.edx.org/c4x/BerkeleyX/CS191x/asset/chap5.pdf}"
}
