@inproceedings{selinger2004brief,
  title={A brief survey of quantum programming languages},
  author={Selinger, Peter},
  booktitle={International Symposium on Functional and Logic Programming},
  pages={1--6},
  year={2004},
  organization={Springer}
}

@inproceedings{yao1993quantum,
  title={Quantum circuit complexity},
  author={Yao, A Chi-Chih},
  booktitle={Proceedings of 1993 IEEE 34th Annual Foundations of Computer Science},
  pages={352--361},
  year={1993},
  organization={IEEE}
}
@inproceedings{shor1994algorithms,
  title={Algorithms for quantum computation: Discrete logarithms and factoring},
  author={Shor, Peter W},
  booktitle={Foundations of Computer Science, 1994 Proceedings., 35th Annual Symposium on},
  pages={124--134},
  year={1994},
  organization={Ieee}
}

@article{simon1997power,
  title={On the power of quantum computation},
  author={Simon, Daniel R},
  journal={SIAM journal on computing},
  volume={26},
  number={5},
  pages={1474--1483},
  year={1997},
  publisher={SIAM}
}

@article{gall2014improved,
  title={Improved quantum algorithm for triangle finding via combinatorial arguments},
  author={Gall, Fran{\c{c}}ois Le},
  journal={arXiv preprint arXiv:1407.0085},
  year={2014}
}

@techreport{knill1996conventions,
  title={Conventions for quantum pseudocode},
  author={Knill, Emmanuel},
  year={1996},
  institution={Citeseer}
}

@article{selinger2004towards,
  title={Towards a quantum programming language},
  author={Selinger, Peter},
  journal={Mathematical Structures in Computer Science},
  volume={14},
  number={4},
  pages={527--586},
  year={2004},
  publisher={Cambridge University Press}
}

@article{bettelli2003toward,
  title={Toward an architecture for quantum programming},
  author={Bettelli, Stefano and Calarco, Tommaso and Serafini, Luciano},
  journal={The European Physical Journal D-Atomic, Molecular, Optical and Plasma Physics},
  volume={25},
  number={2},
  pages={181--200},
  year={2003},
  publisher={Springer}
}

@article{omer1998procedural,
  title={A procedural formalism for quantum computing},
  author={{\"O}mer, Bernhard},
  year={1998},
  publisher={Citeseer}
}

@inproceedings{sanders2000quantum,
  title={Quantum programming},
  author={Sanders, Jeff W and Zuliani, Paolo},
  booktitle={International Conference on Mathematics of Program Construction},
  pages={80--99},
  year={2000},
  organization={Springer}
}

